
@article{Chatrchyan:2013boa,
      author         = "Chatrchyan, Serguei and others",
      title          = "{Measurement of masses in the $t \bar{t}$ system by
                        kinematic endpoints in pp collisions at $\sqrt{s}$ = 7
                        TeV}",
      collaboration  = "CMS",
      journal        = "Eur. Phys. J.",
      volume         = "C73",
      year           = "2013",
      pages          = "2494",
      doi            = "10.1140/epjc/s10052-013-2494-7",
      eprint         = "1304.5783",
      archivePrefix  = "arXiv",
      primaryClass   = "hep-ex",
      reportNumber   = "CMS-TOP-11-027, CERN-PH-EP-2013-059",
      SLACcitation   = "%%CITATION = ARXIV:1304.5783;%%"
}

@article{Dowling:2013baa,
      author         = "Dowling, M. and Moch, S.-O.",
      title          = "{Differential distributions for top-quark
                        hadro-production with a running mass}",
      journal        = "Eur. Phys. J.",
      volume         = "C74",
      year           = "2014",
      number         = "11",
      pages          = "3167",
      doi            = "10.1140/epjc/s10052-014-3167-x",
      eprint         = "1305.6422",
      archivePrefix  = "arXiv",
      primaryClass   = "hep-ph",
      reportNumber   = "DESY-13-092, LPN-13-032, SFB-CPP-13-36",
      SLACcitation   = "%%CITATION = ARXIV:1305.6422;%%"
}
@article{Khachatryan:2016mqs,
      author         = "Khachatryan, V. and others",
      title          = "{Measurement of the t-tbar production cross section in
                        the e-mu channel in proton-proton collisions at sqrt(s) =
                        7 and 8 TeV}",
      collaboration  = "CMS",
      journal        = "JHEP",
      volume         = "08",
      year           = "2016",
      pages          = "029",
      doi            = "10.1007/JHEP08(2016)029",
      eprint         = "1603.02303",
      archivePrefix  = "arXiv",
      primaryClass   = "hep-ex",
      reportNumber   = "CMS-TOP-13-004, CERN-EP-2016-044",
      SLACcitation   = "%%CITATION = ARXIV:1603.02303;%%"
}
@article{Chatrchyan:2013haa,
      author         = "Chatrchyan, Serguei and others",
      title          = "{Determination of the top-quark pole mass and strong
                        coupling constant from the t t-bar production cross
                        section in pp collisions at $\sqrt{s}$ = 7 TeV}",
      collaboration  = "CMS",
      journal        = "Phys. Lett.",
      volume         = "B728",
      year           = "2014",
      pages          = "496-517",
      doi            = "10.1016/j.physletb.2014.08.040,
                        10.1016/j.physletb.2013.12.009",
      note           = "[Erratum: Phys. Lett.B738,526(2014)]",
      eprint         = "1307.1907",
      archivePrefix  = "arXiv",
      primaryClass   = "hep-ex",
      reportNumber   = "CMS-TOP-12-022, CERN-PH-EP-2013-121",
      SLACcitation   = "%%CITATION = ARXIV:1307.1907;%%"
}
@article{Kieseler:2015jzh,
      author         = "Kieseler, Jan and Lipka, Katerina and Moch, Sven-Olaf",
      title          = "{Calibration of the Top-Quark Monte Carlo Mass}",
      journal        = "Phys. Rev. Lett.",
      volume         = "116",
      year           = "2016",
      number         = "16",
      pages          = "162001",
      doi            = "10.1103/PhysRevLett.116.162001",
      eprint         = "1511.00841",
      archivePrefix  = "arXiv",
      primaryClass   = "hep-ph",
      reportNumber   = "DESY-15-190",
      SLACcitation   = "%%CITATION = ARXIV:1511.00841;%%"
}
@article{Czakon:2013goa,
      author         = "Czakon, M. and Fiedler, P. and Mitov, A.",
      title          = "{Total Top-Quark Pair-Production Cross Section at Hadron
                        Colliders Through $O({\alpha_S}^4)$}",
      journal        = "Phys.Rev.Lett.",
      volume         = "110",
      pages          = "252004",
      doi            = "10.1103/PhysRevLett.110.252004",
      year           = "2013",
      eprint         = "1303.6254",
      archivePrefix  = "arXiv",
      primaryClass   = "hep-ph",
      reportNumber   = "CERN-PH-TH-2013-056, TTK-13-08",
      SLACcitation   = "%%CITATION = ARXIV:1303.6254;%%",
}
@article{Andreev:2017vxu,
      author         = "Andreev, V. and others",
      title          = "{Determination of the strong coupling constant
                        $\alpha_s(M_Z)$ in next-to-next-to-leading order QCD using
                        H1 jet cross section measurements}",
      collaboration  = "H1",
      year           = "2017",
      eprint         = "1709.07251",
      archivePrefix  = "arXiv",
      primaryClass   = "hep-ex",
      reportNumber   = "DESY-17-137",
      SLACcitation   = "%%CITATION = ARXIV:1709.07251;%%"
}

@Article{Chatrchyan:2008zzk,
     author    = "Chatrchyan, S. and others",
     collaboration = "CMS",
     title     = "The {CMS} experiment at the {CERN} {LHC}",
     journal   = "JINST",
     volume    = "3",
     year      = "2008",
     pages     = "S08004",
     doi       = "10.1088/1748-0221/3/08/S08004"
}


@article{Czakon:2013tha,
      author         = "Czakon, M. and Mangano, M. L. and Mitov,
                        A. and Rojo, J.",
      title          = "{Constraints on the gluon PDF from top quark pair
                        production at hadron colliders}",
      journal        = "JHEP",
      volume         = "07",
      year           = "2013",
      pages          = "167",
      doi            = "10.1007/JHEP07(2013)167",
      eprint         = "1303.7215",
      archivePrefix  = "arXiv",
      primaryClass   = "hep-ph",
      reportNumber   = "CERN-PH-TH-2013-036, TTK-13-09",
      SLACcitation   = "%%CITATION = ARXIV:1303.7215;%%"
}

@article{Sjostrand:2014zea,
      author         = "Sj{\"o}strand, T. and Ask, S. and Christiansen,
                        J. R. and Corke, R. and Desai, N. and Ilten,
                        P. and Mrenna, S. and Prestel, S. and
                        Rasmussen, C. O. and Skands, P. Z.",
      title          = "{An Introduction to PYTHIA 8.2}",
      journal        = "Comput. Phys. Commun.",
      volume         = "191",
      year           = "2015",
      pages          = "159",
      doi            = "10.1016/j.cpc.2015.01.024",
      eprint         = "1410.3012",
      archivePrefix  = "arXiv",
      primaryClass   = "hep-ph",
      reportNumber   = "LU-TP-14-36, MCNET-14-22, CERN-PH-TH-2014-190,
                        FERMILAB-PUB-14-316-CD, DESY-14-178, SLAC-PUB-16122,
                        --FERMILAB-PUB-14-316-CD",
      SLACcitation   = "%%CITATION = ARXIV:1410.3012;%%"
}


@article{herwigpp,
      author         = "B{\"a}hr, M. and Gieseke, S. and Gigg, M. A. and Grellscheid,
                        D. and Hamilton, K. and Latunde-Dada, O. and Pl{\"a}tzer, S. and Richardson, P.
                        and Seymour, M. H. and Sherstnev, A. and Webber, B. R.",
      title          = "Herwig++ physics and manual",
      journal        = "Eur. Phys. J. C",
      volume         = "58",
      pages          = "639",
      doi            = "10.1140/epjc/s10052-008-0798-9",
      year           = "2008",
      eprint         = "0803.0883",
      archivePrefix  = "arXiv",
      primaryClass   = "hep-ph",
      reportNumber   = "CERN-PH-TH-2008-038, CAVENDISH-HEP-08-03, KA-TP-05-2008,
                        DCPT-08-22, IPPP-08-11, CP3-08-05",
      SLACcitation   = "%%CITATION = ARXIV:0803.0883;%%",
}

@article{Khachatryan:2016kdb,
      author         = "Khachatryan, V. and others",
      title          = "Jet energy scale and resolution in the {CMS} experiment in pp collisions at 8 {TeV}",
      collaboration  = "CMS",
      journal        = "JINST",
      volume         = "12",
      year           = "2017",
      number         = "02",
      pages          = "P02014",
      doi            = "10.1088/1748-0221/12/02/P02014",
      eprint         = "1607.03663",
      archivePrefix  = "arXiv",
      primaryClass   = "hep-ex",
      reportNumber   = "CMS-JME-13-004, CERN-PH-EP-2015-305",
      SLACcitation   = "%%CITATION = ARXIV:1607.03663;%%"
}


@TECHREPORT{BTV15001,
      COLLABORATION = "CMS",
      TITLE       = "Identification of b quark jets at the CMS experiment in the LHC Run2",
      AUTHOR      = "CMS",
      URL         = "http://cdsweb.cern.ch/record/1427161",
      TYPE        = "CMS Physics Analysis Summary",
      NUMBER      = "CMS-PAS-BTV-15-001",
      YEAR        = "2016"
}
@TECHREPORT{BTV16002,
      COLLABORATION = "CMS",
      TITLE       = "Identification of b and c jets in the CMS experiment at the LHC Run 2 ",
      AUTHOR      = "{CMS Collaboration}",
      institution = "CERN",
      TYPE        = "paper underway",
      NUMBER      = "CMS-PAS-BTV-16-002",
      YEAR        = "2017"
}

@article{Chatrchyan:2012jua,
      author         = "Chatrchyan, Serguei and others",
      title          = "{Identification of b-quark jets with the CMS experiment}",
      collaboration  = "CMS",
      journal        = "JINST",
      volume         = "8",
      year           = "2013",
      pages          = "P04013",
      doi            = "10.1088/1748-0221/8/04/P04013",
      eprint         = "1211.4462",
      archivePrefix  = "arXiv",
      primaryClass   = "hep-ex",
      reportNumber   = "CMS-BTV-12-001, CERN-PH-EP-2012-262",
      SLACcitation   = "%%CITATION = ARXIV:1211.4462;%%"
}


@TECHREPORT{EGMPAS,
      COLLABORATION = "CMS",
      TITLE       = "Electron Reconstruction and Identification at $\sqrt{s} = 7$ {TeV}",
      AUTHOR      = "{CMS Collaboration}",
      URL         = "http://cdsweb.cern.ch/record/1299116",
      TYPE        = "CMS Physics Analysis Summary",
      NUMBER      = "CMS-PAS-EGM-10-004",
      YEAR        = "2010"
}

@article{MUOPAS,
      AUTHOR      = "{CMS Collaboration}",
      COLLABORATION = {CMS},
      TITLE       = "Performance of CMS muon reconstruction in pp collisions at  $\sqrt{s}$ = 7 {TeV}",
     journal   = "J. Instrum.",
     volume    = "7",
     year      = "2012",
     pages     = "10002",
     eprint    = "1206.4071",
     archivePrefix = "arXiv",
      primaryClass  = "hep-ex",
     doi       = "10.1088/1748-0221/7/10/P10002",
}


%%%%%%%%%%%%%%%%%%%%%%%%%%%%%%%


@Article{geant,
     author    = "Allison, J. and others",
     title     = "{Geant4 developments and applications}",
     journal   = "IEEE Trans. Nucl. Sci.",
     volume    = "53",
     year      = "2006",
     pages     = "270",
     doi       = "10.1109/TNS.2006.869826",
     SLACcitation  = "%%CITATION = IETNA,53,270;%%"
}

@Article{antikt,
     author    = "Cacciari, Matteo and Salam, Gavin P. and Soyez, Gregory",
     title     = "{The anti-$k_t$ jet clustering algorithm}",
     journal   = "JHEP",
     volume    = "04",
     year      = "2008",
     pages     = "063",
     eprint    = "0802.1189",
     archivePrefix = "arXiv",
     primaryClass  =  "hep-ph",
     doi       = "10.1088/1126-6708/2008/04/063",
     SLACcitation  = "%%CITATION = 0802.1189;%%"
}

@article{Cacciari:2008gp,
      author         = "Cacciari, Matteo and Salam, Gavin P. and Soyez, Gregory",
      title          = "{The anti-$k_t$ jet clustering algorithm}",
      journal        = "JHEP",
      volume         = "04",
      year           = "2008",
      pages          = "063",
      doi            = "10.1088/1126-6708/2008/04/063",
      eprint         = "0802.1189",
      archivePrefix  = "arXiv",
      primaryClass   = "hep-ph",
      reportNumber   = "LPTHE-07-03",
      SLACcitation   = "%%CITATION = ARXIV:0802.1189;%%"
}

@article{Cacciari:2011ma,
      title          = "{FastJet user manual}",
      author         = "Cacciari, Matteo and Salam, Gavin P. and Soyez, Gregory",
      journal        = "Eur. Phys. J. C",
      volume         = "72",
      pages          = "1896",
      doi            = "10.1140/epjc/s10052-012-1896-2",
      year           = "2012",
      eprint         = "1111.6097",
      archivePrefix  = "arXiv",
      primaryClass   = "hep-ph",
      reportNumber   = "CERN-PH-TH-2011-297",
      SLACcitation   = "%%CITATION = ARXIV:1111.6097;%%",
}


%%%%%%%%%%%%%%%%%%%%%%%%%5

@article{Ball:2012cx,
      collaboration = "NNPDF",
      author         = "Ball, R. D. and others",
      title          = "{Parton distributions with LHC data}",
      journal        = "Nucl. Phys. B",
      volume         = "867",
      year           = "2013",
      pages          = "244",
      doi            = "10.1016/j.nuclphysb.2012.10.003",
      eprint         = "1207.1303",
      archivePrefix  = "arXiv",
      primaryClass   = "hep-ph",
      reportNumber   = "EDINBURGH-2012-08, IFUM-FT-997, FR-PHENO-2012-014,
                        RWTH-TTK-12-25, CERN-PH-TH-2012-037, SFB-CPP-12-47\,
                        --CERN-PH-TH-2012-037",
      SLACcitation   = "%%CITATION = ARXIV:1207.1303;%%"
}


@article{Khachatryan:2015hwa,
      COLLABORATION = "CMS",
      TITLE       = "Performance of electron reconstruction and selection with the {CMS} detector in proton-proton collisions at {$\sqrt{s} = 8$\TeV}",
      AUTHOR      = "Khachatryan, Vardan and others",
      JOURNAL     = "JINST",
      VOLUME      = "10",
      PAGES       = "P06005",
      DOI         = "10.1088/1748-0221/10/06/P06005",
      YEAR        = "2015"
}

@article{Chatrchyan:2012xi,
      author         = "Chatrchyan, Serguei and others",
      title          = "{Performance of CMS muon reconstruction in pp collision
                        events at $\sqrt{s}=7$ TeV}",
      collaboration  = "CMS",
      journal        = "JINST",
      volume         = "7",
      year           = "2012",
      pages          = "P10002",
      doi            = "10.1088/1748-0221/7/10/P10002",
      eprint         = "1206.4071",
      archivePrefix  = "arXiv",
      primaryClass   = "physics.ins-det",
      reportNumber   = "CMS-MUO-10-004, CERN-PH-EP-2012-173",
      SLACcitation   = "%%CITATION = ARXIV:1206.4071;%%"
}

@article{Chatrchyan:2013sba,
      author         = "Chatrchyan, Serguei and others",
      title          = "{The performance of the CMS muon detector in
                        proton-proton collisions at sqrt(s) = 7 TeV at the LHC}",
      collaboration  = "CMS",
      journal        = "JINST",
      volume         = "8",
      year           = "2013",
      pages          = "P11002",
      doi            = "10.1088/1748-0221/8/11/P11002",
      eprint         = "1306.6905",
      archivePrefix  = "arXiv",
      primaryClass   = "physics.ins-det",
      reportNumber   = "CMS-MUO-11-001, CERN-PH-EP-2013-072",
      SLACcitation   = "%%CITATION = ARXIV:1306.6905;%%"
}


@article{Khachatryan:2016txa,
      author         = "Khachatryan, Vardan and others",
      title          = "{Measurement of the ZZ production cross section and
                         $Z\rightarrow\ell^+\ell^-\ell^{'+}\ell^{'-}$ branching fraction in pp collisions at $\sqrt{s}$
			=13 TeV}",
      collaboration  = "CMS",
      journal        = "Phys. Lett. B",
      volume         = "763",
      year           = "2016",
      pages          = "280",
      doi            = "10.1016/j.physletb.2016.10.054",
      eprint         = "1607.08834",
      archivePrefix  = "arXiv",
      primaryClass   = "hep-ex",
      reportNumber   = "CMS-SMP-16-001, CERN-EP-2016-174",
      SLACcitation   = "%%CITATION = ARXIV:1607.08834;%%"
}

@techreport{CMS-PAS-GEN-14-001,
      title         = "{Underlying Event Tunes and Double Parton Scattering}",
      collaboration = "CMS",
      type          = "CMS Physics Analysis Summary",
      number        = "CMS-PAS-GEN-14-001",
      year          = "2014",
      reportNumber  = "CMS-PAS-GEN-14-001",
      url           = "https://cds.cern.ch/record/1697700",
}

@article{Skands:2014pea,
      author         = "Skands, P. and Carrazza, S. and Rojo, J.",
      title          = "{Tuning PYTHIA 8.1: the Monash 2013 tune}",
      journal        = "Eur. Phys. J. C",
      volume         = "74",
      year           = "2014",
      pages          = "3024",
      doi            = "10.1140/epjc/s10052-014-3024-y",
      eprint         = "1404.5630",
      archivePrefix  = "arXiv",
      primaryClass   = "hep-ph",
      reportNumber   = "CERN-PH-TH-2014-069, MCNET-14-08, OUTP-14-05P",
      SLACcitation   = "%%CITATION = ARXIV:1404.5630;%%"
}

@unpublished{Aaboudprel:2016mmw,
      author         = "Aaboud, M. and others",
      title          = "{Measurement of the Inelastic Proton-Proton Cross Section
                        at $\sqrt{s} = 13$ TeV with the ATLAS Detector at the LHC}",
      collaboration  = "ATLAS",
      eprint         = "1606.02625",
      year           = "2016",
      note           = "Submitted to Phys. Rev. Lett.",
      archivePrefix  = "arXiv",
      primaryClass   = "hep-ex",
      reportNumber   = "CERN-EP-2016-140",
      SLACcitation   = "%%CITATION = ARXIV:1606.02625;%%"
}

@article{Aaboud:2016mmw,
      author         = "Aaboud, M. and others",
      title          = "{Measurement of the Inelastic Proton-Proton Cross Section
                        at $\sqrt{s} = 13$ TeV with the ATLAS Detector at the LHC}",
      collaboration  = "ATLAS",
      journal        = "Phys. Rev. Lett.",
      volume         = "117",
      year           = "2016",
      pages          = "182002",
      doi            = "10.1103/PhysRevLett.117.182002",
      eprint         = "1606.02625",
      archivePrefix  = "arXiv",
      primaryClass   = "hep-ex",
      reportNumber   = "CERN-EP-2016-140",
      SLACcitation   = "%%CITATION = ARXIV:1606.02625;%%"
}

@article{Alwall:2014hca,
      author         = "Alwall, J. and Frederix, R. and Frixione, S. and Hirschi,
                        V. and Maltoni, F. and Mattelaer, O. and Shao, H. -S. and
                        Stelzer, T. and Torrielli, P. and Zaro, M.",
      title          = "{The automated computation of tree-level and
                        next-to-leading order differential cross sections, and
                        their matching to parton shower simulations}",
      journal        = "JHEP",
      volume         = "07",
      year           = "2014",
      pages          = "079",
      doi            = "10.1007/JHEP07(2014)079",
      eprint         = "1405.0301",
      archivePrefix  = "arXiv",
      primaryClass   = "hep-ph",
      reportNumber   = "CERN-PH-TH-2014-064, CP3-14-18, LPN14-066, MCNET-14-09,
                        ZU-TH-14-14",
      SLACcitation   = "%%CITATION = ARXIV:1405.0301;%%"
}

@article{Frixione:2008yi,
      author         = "Frixione, Stefano and Laenen, Eric and Motylinski,
                        Patrick and Webber, Bryan R. and White, Chris D.",
      title          = "Single-top hadroproduction in association with a {$W$}
                        boson",
      journal        = "JHEP",
      volume         = "07",
      year           = "2008",
      pages          = "029",
      doi            = "10.1088/1126-6708/2008/07/029",
      eprint         = "0805.3067",
      archivePrefix  = "arXiv",
      primaryClass   = "hep-ph",
      reportNumber   = "CERN-TH-2008-104, ITP-UU-08-27, NIKHEF-2008-005,
                        ITFA-2008-16, CAVENDISH-HEP-08-06",
      SLACcitation   = "%%CITATION = ARXIV:0805.3067;%%"
}

@article{Khachatryan:2015oqa,
      author         = "Khachatryan, V. and others",
      title          = "Measurement of the differential cross section for top
                        quark pair production in pp collisions at {$\sqrt{s} =
                        8\,\text {TeV} $}",
      collaboration  = "CMS",
      journal        = "Eur. Phys. J. C",
      volume         = "75",
      year           = "2015",
      pages          = "542",
      doi            = "10.1140/epjc/s10052-015-3709-x",
      eprint         = "1505.04480",
      archivePrefix  = "arXiv",
      primaryClass   = "hep-ex",
      reportNumber   = "CMS-TOP-12-028, CERN-PH-EP-2015-117",
      SLACcitation   = "%%CITATION = ARXIV:1505.04480;%%"
}

@article{Khachatryan:2016qkc,
      author         = "Khachatryan, Vardan and others",
      title          = "{Search for heavy resonances decaying to tau lepton pairs
                        in proton-proton collisions at $ \sqrt{s}=13 $ TeV}",
      collaboration  = "CMS",
      journal        = "JHEP",
      volume         = "02",
      year           = "2017",
      pages          = "048",
      doi            = "10.1007/JHEP02(2017)048",
      eprint         = "1611.06594",
      archivePrefix  = "arXiv",
      primaryClass   = "hep-ex",
      reportNumber   = "CMS-EXO-16-008, CERN-EP-2016-273",
      SLACcitation   = "%%CITATION = ARXIV:1611.06594;%%"
}

@article{James:1975dr,
      author         = "James, F. and Roos, M.",
      title          = "{Minuit: a system for function minimization and analysis
                        of the parameter errors and correlations}",
      journal        = "Comput. Phys. Commun.",
      volume         = "10",
      year           = "1975",
      pages          = "343",
      doi            = "10.1016/0010-4655(75)90039-9",
      reportNumber   = "CERN-DD-75-20",
      SLACcitation   = "%%CITATION = CPHCB,10,343;%%"
}
@article{bib:powheg2,
    author    = "Alioli, S. and others",
    title     = "{A general framework for implementing NLO calculations in shower Monte Carlo programs: the POWHEG BOX}",
    journal   = "JHEP",
    volume    = "06",
    year      = "2010",
    pages     = "043",
    eprint    = "1002.2581",
    archivePrefix = "arXiv",
    primaryClass  =  "hep-ph",
    doi       = "10.1007/JHEP06(2010)043",
    reportNumber   = "DESY-10-018, SFB-CPP-10-22, IPPP-10-11, DCPT-10-22",
}
@techreport{CMS-PAS-TOP-16-021,
      title         = "{Investigations of the impact of the parton shower tuning
                       in Pythia 8 in the modelling of $\mathrm{t\overline{t}}$ at
                       $\sqrt{s}=8$ and 13 TeV}",
      author        = "{CMS Collaboration}",
      institution   = "CERN",
      collaboration = "CMS Collaboration",
      address       = "Geneva",
      number        = "CMS-PAS-TOP-16-021",
      year          = "2016",
      reportNumber  = "CMS-PAS-TOP-16-021",
      url           = "https://cds.cern.ch/record/2235192",
}
@article{Frederix:2012ps,
      author         = "Frederix, R. and Frixione, S.",
      title          = "{Merging meets matching in MC@NLO}",
      journal        = "JHEP",
      volume         = "12",
      year           = "2012",
      pages          = "061",
      doi            = "10.1007/JHEP12(2012)061",
      eprint         = "1209.6215",
      archivePrefix  = "arXiv",
      primaryClass   = "hep-ph",
      reportNumber   = "CERN-PH-TH-2012-247, ZU-TH-21-12",
      SLACcitation   = "%%CITATION = ARXIV:1209.6215;%%"
}
@Article{bib:powheg3,
    author          = "Re, Emanuele",
    title           = "{Single-top Wt-channel production matched with parton showers using the POWHEG method}",
    journal         = "Eur. Phys. J. C",
    volume          = "71",
    year            = "2011",
    pages           = "1547",
    eprint          = "1009.2450",
    archivePrefix   = "arXiv",
    primaryClass    =  "hep-ph",
    doi             = "10.1140/epjc/s10052-011-1547-z",
}
@Article{bib:twchan,
     author    = "Kidonakis, N.",
     title     = "{Two-loop soft anomalous dimensions for single top quark associated production with $\mathrm{W^-}$ or $\mathrm{H^-}$}",
     journal   = "Phys. Rev. D",
     volume    = "82",
     year      = "2010",
     pages     = "054018",
     eprint    = "hep-ph/1005.4451",
     archivePrefix = "arXiv",
     doi       = "10.1103/PhysRevD.82.054018",
     SLACcitation  = "%%CITATION = HEP-EX/9706014;%%"
}
@article{bib:mcfm:diboson,
      author         = "Campbell, John M. and Ellis, R. Keith and Williams, Ciaran",
      title          = "{Vector boson pair production at the LHC}",
      journal        = "JHEP",
      volume         = "07",
      pages          = "018",
      doi            = "10.1007/JHEP07(2011)018",
      year           = "2011",
      eprint         = "1105.0020",
      archivePrefix  = "arXiv",
      primaryClass   = "hep-ph",
      SLACcitation   = "%%CITATION = ARXIV:1105.0020;%%",
}
@article{Czakon:2011xx,
      author         = "Czakon, M. and Mitov, A.",
      title          = "{Top++: A Program for the Calculation of the Top-Pair
                        Cross-Section at Hadron Colliders}",
      journal        = "Comput.Phys.Commun.",
      volume         = "185",
      pages          = "2930",
      doi            = "10.1016/j.cpc.2014.06.021",
      year           = "2014",
      eprint         = "1112.5675",
      archivePrefix  = "arXiv",
      primaryClass   = "hep-ph",
      reportNumber   = "CERN-PH-TH-2011-303, TTK-11-58",
      SLACcitation   = "%%CITATION = ARXIV:1112.5675;%%",
}
@article{Alekhin:2011sk,
      author         = "Alekhin, Sergey and Alioli, Simone and Ball, Richard D.
                        and Bertone, Valerio and Blumlein, Johannes and others",
      title          = "{The PDF4LHC Working Group Interim Report}",
      year           = "2011",
      eprint         = "1101.0536",
      archivePrefix  = "arXiv",
      primaryClass   = "hep-ph",
      SLACcitation   = "%%CITATION = ARXIV:1101.0536;%%",
}
@article{Botje:2011sn,
      author         = "Botje, Michiel and Butterworth, Jon and Cooper-Sarkar,
                        Amanda and de Roeck, Albert and Feltesse, Joel and others",
      title          = "{The PDF4LHC Working Group Interim Recommendations}",
      year           = "2011",
      eprint         = "1101.0538",
      archivePrefix  = "arXiv",
      primaryClass   = "hep-ph",
      SLACcitation   = "%%CITATION = ARXIV:1101.0538;%%",
}
@article{Dulat:2015mca,
      author         = "Dulat, S. and Hou, T.-J. and Gao, J. and
                        Guzzi, M. and Huston, J. and Nadolsky, P. and
                        Pumplin, J. and Schmidt, C. and Stump, D. and Yuan,
                        C. P.",
      title          = "{New parton distribution functions from a global analysis
                        of quantum chromodynamics}",
      journal        = "Phys. Rev.",
      volume         = "D93",
      year           = "2016",
      number         = "3",
      pages          = "033006",
      doi            = "10.1103/PhysRevD.93.033006",
      eprint         = "1506.07443",
      archivePrefix  = "arXiv",
      primaryClass   = "hep-ph",
      SLACcitation   = "%%CITATION = ARXIV:1506.07443;%%"
}
@techreport{CMS-PAS-JME-16-003,
      title         = "{Jet algorithms performance in 13 TeV data}",
      author        = "CMS Collaboration",
      institution   = "CERN",
      collaboration = "CMS",
      address       = "Geneva",
      number        = "CMS-PAS-JME-16-003",
      year          = "2017",
      reportNumber  = "CMS-PAS-JME-16-003",
      url           = "http://cds.cern.ch/record/2256875",
}
@techreport{CMS-PAS-LUM-17-001,
      title         = "{CMS Luminosity Measurements for the 2016 Data Taking
                       Period}",
      author        = "CMS Collaboration",
      institution   = "CERN",
      collaboration = "CMS",
      address       = "Geneva",
      number        = "CMS-PAS-LUM-17-001",
      year          = "2017",
      reportNumber  = "CMS-PAS-LUM-17-001",
      url           = "http://cds.cern.ch/record/2257069",
}

@article{Khachatryan:2016mnb,
      author         = "Khachatryan, Vardan and others",
      title          = "{Measurement of differential cross sections for top quark
                        pair production using the lepton+jets final state in
                        proton-proton collisions at 13 TeV}",
      collaboration  = "CMS",
      journal        = "Phys. Rev.",
      volume         = "D95",
      year           = "2017",
      number         = "9",
      pages          = "092001",
      doi            = "10.1103/PhysRevD.95.092001",
      eprint         = "1610.04191",
      archivePrefix  = "arXiv",
      primaryClass   = "hep-ex",
      reportNumber   = "CMS-TOP-16-008, CERN-EP-2016-227",
      SLACcitation   = "%%CITATION = ARXIV:1610.04191;%%"
}

@article{Sirunyan:2017mzl,
      author         = "Sirunyan, A. M. and others",
      title          = "{Measurement of normalized differential t-tbar cross
                        sections in the dilepton channel from pp collisions at
                        sqrt(s) = 13 TeV}",
      collaboration  = "CMS",
      year           = "2017",
      eprint         = "1708.07638",
      archivePrefix  = "arXiv",
      primaryClass   = "hep-ex",
      reportNumber   = "CMS-TOP-16-007, CERN-EP-2017-120",
      SLACcitation   = "%%CITATION = ARXIV:1708.07638;%%"
}


@article{Alekhin:2014irh,
      author         = "Alekhin, S. and others",
      title          = "{HERAFitter}",
      journal        = "Eur. Phys. J.",
      volume         = "C75",
      year           = "2015",
      number         = "7",
      pages          = "304",
      doi            = "10.1140/epjc/s10052-015-3480-z",
      eprint         = "1410.4412",
      archivePrefix  = "arXiv",
      primaryClass   = "hep-ph",
      reportNumber   = "DESY-14-188, DESY-REPORT-14-188",
      SLACcitation   = "%%CITATION = ARXIV:1410.4412;%%"
}
@article{Abramowicz:2015mha,
      author         = "Abramowicz, H. and others",
      title          = "{Combination of measurements of inclusive deep inelastic
                        ${e^{\pm }p}$ scattering cross sections and QCD analysis
                        of HERA data}",
      collaboration  = "ZEUS, H1",
      journal        = "Eur. Phys. J.",
      volume         = "C75",
      year           = "2015",
      number         = "12",
      pages          = "580",
      doi            = "10.1140/epjc/s10052-015-3710-4",
      eprint         = "1506.06042",
      archivePrefix  = "arXiv",
      primaryClass   = "hep-ex",
      reportNumber   = "DESY-15-039",
      SLACcitation   = "%%CITATION = ARXIV:1506.06042;%%"
}
@article{Khachatryan:2016mlc,
      author         = "Khachatryan, Vardan and others",
      title          = "{Measurement and QCD analysis of double-differential
                        inclusive jet cross sections in pp collisions at $
                        \sqrt{s}=8 $ TeV and cross section ratios to 2.76 and 7
                        TeV}",
      collaboration  = "CMS",
      journal        = "JHEP",
      volume         = "03",
      year           = "2017",
      pages          = "156",
      doi            = "10.1007/JHEP03(2017)156",
      eprint         = "1609.05331",
      archivePrefix  = "arXiv",
      primaryClass   = "hep-ex",
      reportNumber   = "CMS-SMP-14-001, CERN-EP-2016-196",
      SLACcitation   = "%%CITATION = ARXIV:1609.05331;%%"
}

@article{PhysRevLett.109.132001,
  title = {Percent-Level-Precision Physics at the Tevatron: Next-to-Next-to-Leading Order QCD Corrections to $q\overline{q}\ensuremath{\rightarrow}t\overline{t}\mathbf{+}X$},
  author = {B\"arnreuther, P. and Czakon, M. and Mitov, A.},
  journal = {Phys. Rev. Lett.},
  volume = {109},
  issue = {13},
  pages = {132001},
  numpages = {5},
  year = {2012},
  month = {Sep},
  publisher = {American Physical Society},
  doi = {10.1103/PhysRevLett.109.132001},
  url = {https://link.aps.org/doi/10.1103/PhysRevLett.109.132001}
}
@article{Czakon:2012zr,
      author         = "Czakon, M. and Mitov, A.",
      title          = "{NNLO corrections to top-pair production at hadron
                        colliders: the all-fermionic scattering channels}",
      journal        = "JHEP",
      volume         = "12",
      year           = "2012",
      pages          = "054",
      doi            = "10.1007/JHEP12(2012)054",
      eprint         = "1207.0236",
      archivePrefix  = "arXiv",
      primaryClass   = "hep-ph",
      reportNumber   = "CERN-PH-TH-2012-181",
      SLACcitation   = "%%CITATION = ARXIV:1207.0236;%%"
}

@article{Czakon:2012pz,
      title          = "{NNLO corrections to top pair production at hadron
                        colliders: the quark-gluon reaction}",
      author         = "Czakon, M. and Mitov, A.",
      journal        = "JHEP",
      volume         = "01",
      year           = "2013",
      pages          = "080",
      doi            = "10.1007/JHEP01(2013)080",
      eprint         = "1210.6832",
      archivePrefix  = "arXiv",
      primaryClass   = "hep-ph",
      reportNumber   = "CERN-PH-TH-2012-286",
      SLACcitation   = "%%CITATION = ARXIV:1210.6832;%%"
}
@article{Aliev:2010zk,
      author         = "Aliev, M. and Lacker, H. and Langenfeld, U. and Moch, S.
                        and Uwer, P. and others",
      title          = "{HATHOR: HAdronic Top and Heavy quarks crOss section
                        calculatoR}",
      journal        = "Comput.Phys.Commun.",
      volume         = "182",
      pages          = "1034-1046",
      doi            = "10.1016/j.cpc.2010.12.040",
      year           = "2011",
      eprint         = "1007.1327",
      archivePrefix  = "arXiv",
      primaryClass   = "hep-ph",
      reportNumber   = "DESY-10-091, HU-EP-10-33, SFB-CPP-10-60",
      SLACcitation   = "%%CITATION = ARXIV:1007.1327;%%",
}
@article{Alekhin:2017kpj,
      author         = "Alekhin, S. and Blümlein, J. and Moch, S. and Placakyte,
                        R.",
      title          = "{Parton distribution functions, $\alpha_s$, and
                        heavy-quark masses for LHC Run II}",
      journal        = "Phys. Rev.",
      volume         = "D96",
      year           = "2017",
      number         = "1",
      pages          = "014011",
      doi            = "10.1103/PhysRevD.96.014011",
      eprint         = "1701.05838",
      archivePrefix  = "arXiv",
      primaryClass   = "hep-ph",
      reportNumber   = "DESY-16-179, DO-TH-16-13",
      SLACcitation   = "%%CITATION = ARXIV:1701.05838;%%"
}
@article{Alekhin:2016uxn,
      author         = "Alekhin, Sergey and Bluemlein, Johannes and Moch,
                        Sven-Olaf and Placakyte, Rengaile",
      title          = "{The new ABMP16 PDF}",
      year           = "2016",
      eprint         = "1609.03327",
      archivePrefix  = "arXiv",
      primaryClass   = "hep-ph",
      reportNumber   = "DESY-16-121, DO-TH-16-25",
      SLACcitation   = "%%CITATION = ARXIV:1609.03327;%%"
}
@article{Harland-Lang:2014zoa,
      author         = "Harland-Lang, L. A. and Martin, A. D. and Motylinski, P.
                        and Thorne, R. S.",
      title          = "{Parton distributions in the LHC era: MMHT 2014 PDFs}",
      journal        = "Eur. Phys. J.",
      volume         = "C75",
      year           = "2015",
      number         = "5",
      pages          = "204",
      doi            = "10.1140/epjc/s10052-015-3397-6",
      eprint         = "1412.3989",
      archivePrefix  = "arXiv",
      primaryClass   = "hep-ph",
      reportNumber   = "LCTS-2014-47, IPPP-14-97, DCPT-14-194",
      SLACcitation   = "%%CITATION = ARXIV:1412.3989;%%"
}
@article{Ball:2017nwa,
      author         = "Ball, R. D. and others",
      title          = "{Parton distributions from high-precision collider data}",
      collaboration  = "The NNPDF",
      year           = "2017",
      eprint         = "1706.00428",
      archivePrefix  = "arXiv",
      primaryClass   = "hep-ph",
      reportNumber   = "CAVENDISH-HEP-17-06, CERN-TH-2017-077, EDINBURGH-2017-08,
                        --NIKHEF-2017-006, OUTP-17-04P, TIF-UNIMI-2017-3",
      SLACcitation   = "%%CITATION = ARXIV:1706.00428;%%"
}
@article{Chetyrkin:2000yt,
      author         = "Chetyrkin, K. G. and Kuhn, Johann H. and Steinhauser, M.",
      title          = "{RunDec: A Mathematica package for running and decoupling
                        of the strong coupling and quark masses}",
      journal        = "Comput. Phys. Commun.",
      volume         = "133",
      year           = "2000",
      pages          = "43-65",
      doi            = "10.1016/S0010-4655(00)00155-7",
      eprint         = "hep-ph/0004189",
      archivePrefix  = "arXiv",
      primaryClass   = "hep-ph",
      reportNumber   = "DESY-00-034, TTP-00-05",
      SLACcitation   = "%%CITATION = HEP-PH/0004189;%%"
}
@article{Schmidt:2012az,
      author         = "Schmidt, Barbara and Steinhauser, Matthias",
      title          = "{CRunDec: a C++ package for running and decoupling of the
                        strong coupling and quark masses}",
      journal        = "Comput. Phys. Commun.",
      volume         = "183",
      year           = "2012",
      pages          = "1845-1848",
      doi            = "10.1016/j.cpc.2012.03.023",
      eprint         = "1201.6149",
      archivePrefix  = "arXiv",
      primaryClass   = "hep-ph",
      reportNumber   = "SFB-CPP-12-03, TTP12-02",
      SLACcitation   = "%%CITATION = ARXIV:1201.6149;%%"
}
@article{Khachatryan:2232274,

title="{Measurement of the $\mathrm{t \bar{t}}$ production cross
                       section using events in the $\mathrm{e} \mu$ final state in
                       pp collisions at $\sqrt{s} = $ 13 TeV}",
      author        = "Khachatryan, Vardan and others",
journal="The European Physical Journal C",
year="2017",
volume="77",
number="3",
pages="172",
issn="1434-6052",
doi="10.1140/epjc/s10052-017-4718-8",
url="http://dx.doi.org/10.1140/epjc/s10052-017-4718-8"
}
@article{Sirunyan:2017ule,
      title          = "{Measurement of the inclusive
                        $\mathrm{t}\overline{\mathrm{t}}$ cross section in pp
                        collisions at $\sqrt{s} =$ 5.02 TeV using final states
                        with at least one charged lepton}",
      author         = "Sirunyan, Albert M and others",
      collaboration  = "CMS",
      year           = "2017",
      eprint         = "1711.03143",
      archivePrefix  = "arXiv",
      primaryClass   = "hep-ex",
      reportNumber   = "TOP-16-023, CERN-EP-2017-258",
      SLACcitation   = "%%CITATION = ARXIV:1711.03143;%%"
}


@article{Olive:2016xmw,
      author         = "Patrignani, C. and others",
      title          = "{Review of Particle Physics}",
      collaboration  = "Particle Data Group",
      journal        = "Chin. Phys.",
      volume         = "C40",
      year           = "2016",
      number         = "10",
      pages          = "100001",
      doi            = "10.1088/1674-1137/40/10/100001",
      SLACcitation   = "%%CITATION = CHPHD,C40,100001;%%"
}


@article{Guzzi:2014wia,
      author         = "Guzzi, Marco and Lipka, Katerina and Moch, Sven-Olaf",
      title          = "{Top-quark pair production at hadron colliders:
                        differential cross section and phenomenological
                        applications with DiffTop}",
      journal        = "JHEP",
      volume         = "01",
      year           = "2015",
      pages          = "082",
      doi            = "10.1007/JHEP01(2015)082",
      eprint         = "1406.0386",
      archivePrefix  = "arXiv",
      primaryClass   = "hep-ph",
      reportNumber   = "DESY-14-077, LPN-14-076, SFB-CPP-14-27",
      SLACcitation   = "%%CITATION = ARXIV:1406.0386;%%"
}

@article{Sirunyan:2017azo,
      author         = "Sirunyan, Albert M and others",
      title          = "{Measurement of double-differential cross sections for
                        top quark pair production in pp collisions at $\sqrt{s} =
                        8$ $\,\text {TeV}$ and impact on parton distribution
                        functions}",
      collaboration  = "CMS",
      journal        = "Eur. Phys. J.",
      volume         = "C77",
      year           = "2017",
      number         = "7",
      pages          = "459",
      doi            = "10.1140/epjc/s10052-017-4984-5",
      eprint         = "1703.01630",
      archivePrefix  = "arXiv",
      primaryClass   = "hep-ex",
      reportNumber   = "CMS-TOP-14-013, CERN-EP-2017-030",
      SLACcitation   = "%%CITATION = ARXIV:1703.01630;%%"
}
@article{Baak:2014ora,
      author         = "Baak, M. and Cúth, J. and Haller, J. and Hoecker, A. and
                        Kogler, R. and Mönig, K. and Schott, M. and Stelzer, J.",
      title          = "{The global electroweak fit at NNLO and prospects for the
                        LHC and ILC}",
      collaboration  = "Gfitter Group",
      journal        = "Eur. Phys. J.",
      volume         = "C74",
      year           = "2014",
      pages          = "3046",
      doi            = "10.1140/epjc/s10052-014-3046-5",
      eprint         = "1407.3792",
      archivePrefix  = "arXiv",
      primaryClass   = "hep-ph",
      reportNumber   = "DESY-14-124",
      SLACcitation   = "%%CITATION = ARXIV:1407.3792;%%"
}
@article{Degrassi:2012ry,
      author         = "Degrassi, Giuseppe and Di Vita, Stefano and Elias-Miro,
                        Joan and Espinosa, Jose R. and Giudice, Gian F. and
                        Isidori, Gino and Strumia, Alessandro",
      title          = "{Higgs mass and vacuum stability in the Standard Model at
                        NNLO}",
      journal        = "JHEP",
      volume         = "08",
      year           = "2012",
      pages          = "098",
      doi            = "10.1007/JHEP08(2012)098",
      eprint         = "1205.6497",
      archivePrefix  = "arXiv",
      primaryClass   = "hep-ph",
      reportNumber   = "CERN-PH-TH-2012-134, RM3-TH-12-9",
      SLACcitation   = "%%CITATION = ARXIV:1205.6497;%%"
}
@article{TevatronElectroweakWorkingGroup:2016lid,
      author         = "Tevatron Electroweak Working Group and Aaltonen, T.",
      title          = "{Combination of CDF and D0 results on the mass of the top
                        quark using up $9.7\:{\rm fb}^{-1}$ at the Tevatron}",
      collaboration  = "CD and D0",
      year           = "2016",
      eprint         = "1608.01881",
      archivePrefix  = "arXiv",
      primaryClass   = "hep-ex",
      reportNumber   = "FERMILAB-CONF-16-298-E",
      SLACcitation   = "%%CITATION = ARXIV:1608.01881;%%"
}

@article{Buckley:2011ms,
      author         = "Buckley, A. and others",
      title          = "{General-purpose event generators for LHC physics}",
      journal        = "Phys. Rept.",
      volume         = "504",
      year           = "2011",
      pages          = "145-233",
      doi            = "10.1016/j.physrep.2011.03.005",
      eprint         = "1101.2599",
      archivePrefix  = "arXiv",
      primaryClass   = "hep-ph",
      reportNumber   = "CAVENDISH-HEP-10-21, CERN-PH-TH-2010-298, DCPT-10-202,
                        HD-THEP-10-24, IPPP-10-101, KA-TP-40-2010, LU-TP-10-28,
                        MAN-HEP-2010-23, MCNET-11-01, SLAC-PUB-14333,
                        --HD-THEP-10-24, --MCNET-11-01",
      SLACcitation   = "%%CITATION = ARXIV:1101.2599;%%"
}

@article{Aaboud:2016igd,
      author         = "Aaboud, Morad and others",
      title          = "{Measurement of the top quark mass in the $t\bar{t}\to$
                        dilepton channel from $\sqrt{s}=8$ TeV ATLAS data}",
      collaboration  = "ATLAS",
      journal        = "Phys. Lett.",
      volume         = "B761",
      year           = "2016",
      pages          = "350-371",
      doi            = "10.1016/j.physletb.2016.08.042",
      eprint         = "1606.02179",
      archivePrefix  = "arXiv",
      primaryClass   = "hep-ex",
      reportNumber   = "CERN-EP-2016-114",
      SLACcitation   = "%%CITATION = ARXIV:1606.02179;%%"
}
@article{Khachatryan:2015hba,
      author         = "Khachatryan, V. and others",
      title          = "{Measurement of the top quark mass using proton-proton
                        data at ${\sqrt{(s)}}$ = 7 and 8 TeV}",
      collaboration  = "CMS",
      journal        = "Phys. Rev.",
      volume         = "D93",
      year           = "2016",
      number         = "7",
      pages          = "072004",
      doi            = "10.1103/PhysRevD.93.072004",
      eprint         = "1509.04044",
      archivePrefix  = "arXiv",
      primaryClass   = "hep-ex",
      reportNumber   = "CMS-TOP-14-022, CERN-PH-EP-2015-234",
      SLACcitation   = "%%CITATION = ARXIV:1509.04044;%%"
}
@article{cms-top-17-007,
      author         = "Khachatryan, Vardan and others",
      title          = "{Measurement of the top quark mass with lepton+jets 
						final states using pp collisions at √s = 13 TeV}",
      collaboration  = "CMS",
      journal        = "",
      volume         = "",
      year           = "",
      number         = "",
      pages          = "",
      doi            = "",
      eprint         = "",
      archivePrefix  = "",
      primaryClass   = "",
      reportNumber   = "CMS-TOP-17-007",
}
@article{Marquard:2015qpa,
      author         = "Marquard, P. and Smirnov, A. V. and Smirnov,
                        V. A. and Steinhauser, M.",
      title          = "{Quark Mass Relations to Four-Loop Order in Perturbative
                        QCD}",
      journal        = "Phys. Rev. Lett.",
      volume         = "114",
      year           = "2015",
      number         = "14",
      pages          = "142002",
      doi            = "10.1103/PhysRevLett.114.142002",
      eprint         = "1502.01030",
      archivePrefix  = "arXiv",
      primaryClass   = "hep-ph",
      reportNumber   = "DESY-15-013, TTP15-01, SFB-CPP-14-120",
      SLACcitation   = "%%CITATION = ARXIV:1502.01030;%%"
}
@article{ATLAS:2014wva,
      title          = "{First combination of Tevatron and LHC measurements of
                        the top-quark mass}",
      author          = "{ATLAS, CDF, CMS and D0 Collaborations}",
      collaboration  = "ATLAS, CDF, CMS, D0",
      year           = "2014",
      eprint         = "1403.4427",
      archivePrefix  = "arXiv",
      primaryClass   = "hep-ex",
      reportNumber   = "ATLAS-CONF-2014-008, CDF-NOTE-11071, CMS-PAS-TOP-13-014,
                        D0-NOTE-6416, FERMILAB-TM-2582-E",
      SLACcitation   = "%%CITATION = ARXIV:1403.4427;%%"
}
@article{Abazov:2011pta,
      author         = "Abazov, V. M. and others",
      title          = "{Determination of the pole and $\overline{MS}$ masses of
                        the top quark from the $t\bar{t}$ cross section}",
      collaboration  = "D0",
      journal        = "Phys. Lett.",
      volume         = "B703",
      year           = "2011",
      pages          = "422-427",
      doi            = "10.1016/j.physletb.2011.08.015",
      eprint         = "1104.2887",
      archivePrefix  = "arXiv",
      primaryClass   = "hep-ex",
      reportNumber   = "FERMILAB-PUB-11-177-E",
      SLACcitation   = "%%CITATION = ARXIV:1104.2887;%%"
}
@article{Abazov:2016ekt,
      author         = "Abazov, V. M. and others",
      title          = "{Measurement of the inclusive $t\bar{t}$ production cross
                        section in $p\bar{p}$ collisions at $\sqrt{s}=1.96$ TeV
                        and determination of the top quark pole mass}",
      collaboration  = "D0",
      journal        = "Phys. Rev.",
      volume         = "D94",
      year           = "2016",
      pages          = "092004",
      doi            = "10.1103/PhysRevD.94.092004",
      eprint         = "1605.06168",
      archivePrefix  = "arXiv",
      primaryClass   = "hep-ex",
      reportNumber   = "FERMILAB-PUB-16-180-E",
      SLACcitation   = "%%CITATION = ARXIV:1605.06168;%%"
}
@article{Aad:2014kva,
      author         = "Aad, G. and others",
      title          = "{Measurement of the $t\bar{t}$ production cross-section
                        using $e\mu $ events with b-tagged jets in pp collisions
                        at $\sqrt{s}$ = 7 and 8  $\,\mathrm{TeV}$ with the ATLAS
                        detector}",
      collaboration  = "ATLAS",
      journal        = "Eur. Phys. J.",
      volume         = "C74",
      year           = "2014",
      number         = "10",
      pages          = "3109",
      doi            = "10.1140/epjc/s10052-016-4501-2,
                        10.1140/epjc/s10052-014-3109-7",
      note           = "[Addendum: Eur. Phys. J.C76,no.11,642(2016)]",
      eprint         = "1406.5375",
      archivePrefix  = "arXiv",
      primaryClass   = "hep-ex",
      reportNumber   = "CERN-PH-EP-2014-124, CERN-EP-2014-124",
      SLACcitation   = "%%CITATION = ARXIV:1406.5375;%%"
}
@article{Sirunyan:2017uhy,
      author         = "Sirunyan, A. M. and others",
      title          = "{Measurement of the $t \bar t$ production cross section
                        using events with one lepton and at least one jet in pp
                        collisions at $\sqrt{s}$  = 13 TeV}",
      collaboration  = "CMS",
      journal        = "JHEP",
      volume         = "09",
      year           = "2017",
      pages          = "051",
      doi            = "10.1007/JHEP09(2017)051",
      eprint         = "1701.06228",
      archivePrefix  = "arXiv",
      primaryClass   = "hep-ex",
      reportNumber   = "CMS-TOP-16-006, CERN-EP-2016-321",
      SLACcitation   = "%%CITATION = ARXIV:1701.06228;%%"
}

@article{Aaboud:2016pbd,
      author         = "Aaboud, M. and others",
      title          = "{Measurement of the $t\bar{t}$ production cross-section
                        using $e\mu$ events with b-tagged jets in pp collisions at
                        $\sqrt{s}$=13 TeV with the ATLAS detector}",
      collaboration  = "ATLAS",
      journal        = "Phys. Lett.",
      volume         = "B761",
      year           = "2016",
      pages          = "136-157",
      doi            = "10.1016/j.physletb.2016.08.019,
                        10.1016/j.physletb.2017.09.027",
      note           = "[Erratum: Phys. Lett.B772,879(2017)]",
      eprint         = "1606.02699",
      archivePrefix  = "arXiv",
      primaryClass   = "hep-ex",
      reportNumber   = "CERN-EP-2016-088",
      SLACcitation   = "%%CITATION = ARXIV:1606.02699;%%"
}

@article{Butenschoen:2016lpz,
      author         = "Butenschoen, Mathias and Dehnadi, Bahman and Hoang, Andre
                        H. and Mateu, Vicent and Preisser, Moritz and Stewart,
                        Iain W.",
      title          = "{Top Quark Mass Calibration for Monte Carlo Event
                        Generators}",
      journal        = "Phys. Rev. Lett.",
      volume         = "117",
      year           = "2016",
      number         = "23",
      pages          = "232001",
      doi            = "10.1103/PhysRevLett.117.232001",
      eprint         = "1608.01318",
      archivePrefix  = "arXiv",
      primaryClass   = "hep-ph",
      reportNumber   = "IFT-UAM-CSIC-16-069, FTUAM-16-28, MIT-CTP-4820,
                        UWTHPH-2016-13, DESY-16-150, DESY --16-150",
      SLACcitation   = "%%CITATION = ARXIV:1608.01318;%%"
}

@article{Sirunyan:2017ulk,
      author         = "Sirunyan, A. M. and others",
      title          = "{Particle-flow reconstruction and global event
                        description with the CMS detector}",
      collaboration  = "CMS",
      journal        = "JINST",
      volume         = "12",
      year           = "2017",
      number         = "10",
      pages          = "P10003",
      doi            = "10.1088/1748-0221/12/10/P10003",
      eprint         = "1706.04965",
      archivePrefix  = "arXiv",
      primaryClass   = "physics.ins-det",
      reportNumber   = "CMS-PRF-14-001, CERN-EP-2017-110",
      SLACcitation   = "%%CITATION = ARXIV:1706.04965;%%"
}
@article{Cacciari:2003fi,
      author         = "Cacciari, M. and Frixione, S. and Mangano, M. L. and
                        Nason, P. and Ridolfi, G.",
      title          = "{The t anti-t cross-section at 1.8-TeV and 1.96-TeV: A
                        Study of the systematics due to parton densities and scale
                        dependence}",
      journal        = "JHEP",
      volume         = "04",
      year           = "2004",
      pages          = "068",
      doi            = "10.1088/1126-6708/2004/04/068",
      eprint         = "hep-ph/0303085",
      archivePrefix  = "arXiv",
      primaryClass   = "hep-ph",
      reportNumber   = "CERN-TH-2003-054",
      SLACcitation   = "%%CITATION = HEP-PH/0303085;%%"
}
@article{Catani:2003zt,
      author         = "Catani, Stefano and de Florian, Daniel and Grazzini,
                        Massimiliano and Nason, Paolo",
      title          = "{Soft gluon resummation for Higgs boson production at
                        hadron colliders}",
      journal        = "JHEP",
      volume         = "07",
      year           = "2003",
      pages          = "028",
      doi            = "10.1088/1126-6708/2003/07/028",
      eprint         = "hep-ph/0306211",
      archivePrefix  = "arXiv",
      primaryClass   = "hep-ph",
      reportNumber   = "BICOCCA-FT-03-12, CERN-TH-2003-117",
      SLACcitation   = "%%CITATION = HEP-PH/0306211;%%"
}

@article{Patrignani:2016xqp,
      author         = "Patrignani, C. and others",
      title          = "{Review of Particle Physics}",
      collaboration  = "Particle Data Group",
      journal        = "Chin. Phys.",
      volume         = "C40",
      year           = "2016",
      number         = "10",
      pages          = "100001",
      doi            = "10.1088/1674-1137/40/10/100001",
      SLACcitation   = "%%CITATION = CHPHD,C40,100001;%%"
}


@article{Frixione:2007vw,
      author         = "Frixione, S. and Nason, P. and Oleari, C.",
      title          = "{Matching NLO QCD computations with Parton Shower
                        simulations: the POWHEG method}",
      journal        = "JHEP",
      volume         = "11",
      year           = "2007",
      pages          = "070",
      doi            = "10.1088/1126-6708/2007/11/070",
      eprint         = "0709.2092",
      archivePrefix  = "arXiv",
      primaryClass   = "hep-ph",
      reportNumber   = "BICOCCA-FT-07-9, GEF-TH-21-2007",
      SLACcitation   = "%%CITATION = ARXIV:0709.2092;%%"
}
@article{Nason:2004rx,
      author         = "Nason, P.",
      title          = "{A New method for combining NLO QCD with shower Monte
                        Carlo algorithms}",
      journal        = "JHEP",
      volume         = "11",
      year           = "2004",
      pages          = "040",
      doi            = "10.1088/1126-6708/2004/11/040",
      eprint         = "hep-ph/0409146",
      archivePrefix  = "arXiv",
      primaryClass   = "hep-ph",
      reportNumber   = "BICOCCA-FT-04-11",
      SLACcitation   = "%%CITATION = HEP-PH/0409146;%%"
}
@article{Frixione:2007nw,
      author         = "Frixione, S. and Nason, P. and Ridolfi, G.",
      title          = "{A Positive-weight next-to-leading-order Monte Carlo for
                        heavy flavour hadroproduction}",
      journal        = "JHEP",
      volume         = "09",
      year           = "2007",
      pages          = "126",
      doi            = "10.1088/1126-6708/2007/09/126",
      eprint         = "0707.3088",
      archivePrefix  = "arXiv",
      primaryClass   = "hep-ph",
      reportNumber   = "BICOCCA-FT-07-12, GEF-TH-19-2007",
      SLACcitation   = "%%CITATION = ARXIV:0707.3088;%%"
}

@techreport{CMS-PAS-TOP-16-011,
      title         = "{Measurement of the differential cross section for
                       $\mathrm{t \bar t}$ production in the dilepton final state
                       at $\sqrt{s}=13~\mathrm{TeV}$}",
      author        = "{CMS Collaboration}",
      institution   = "CERN",
      collaboration = "CMS Collaboration",
      address       = "Geneva",
      number        = "CMS-PAS-TOP-16-011",
      year          = "2016",
      reportNumber  = "CMS-PAS-TOP-16-011",
      url           = "http://cds.cern.ch/record/2140061",
}

@article{Christiansen:2015yqa,
      author         = "Christiansen, J. R. and Skands, P. Z.",
      title          = "{String Formation Beyond Leading Colour}",
      journal        = "JHEP",
      volume         = "08",
      year           = "2015",
      pages          = "003",
      doi            = "10.1007/JHEP08(2015)003",
      eprint         = "1505.01681",
      archivePrefix  = "arXiv",
      primaryClass   = "hep-ph",
      reportNumber   = "COEPP-MN-15-1, LU-TP-15-16, MCNET-15-09",
      SLACcitation   = "%%CITATION = ARXIV:1505.01681;%%"
}
@article{Argyropoulos:2014zoa,
      author         = "Argyropoulos, S. and Sjöstrand, T.",
      title          = "{Effects of color reconnection on $t\bar{t}$ final states
                        at the LHC}",
      journal        = "JHEP",
      volume         = "11",
      year           = "2014",
      pages          = "043",
      doi            = "10.1007/JHEP11(2014)043",
      eprint         = "1407.6653",
      archivePrefix  = "arXiv",
      primaryClass   = "hep-ph",
      reportNumber   = "LU-TP-14-23, DESY-14-134, MCNET-14-15",
      SLACcitation   = "%%CITATION = ARXIV:1407.6653;%%"
}

@article{Khachatryan:2015uqb,
      author         = "Khachatryan, V. and others",
      title          = "{Measurement of the top quark pair production cross
                        section in proton-proton collisions at $\sqrt(s) =$ 13
                        TeV}",
      collaboration  = "CMS",
      journal        = "Phys. Rev. Lett.",
      volume         = "116",
      year           = "2016",
      number         = "5",
      pages          = "052002",
      doi            = "10.1103/PhysRevLett.116.052002",
      eprint         = "1510.05302",
      archivePrefix  = "arXiv",
      primaryClass   = "hep-ex",
      reportNumber   = "CMS-TOP-15-003, CERN-PH-EP-2015-280",
      SLACcitation   = "%%CITATION = ARXIV:1510.05302;%%"
}


@article{Khachatryan:2016kzg,
      author         = "Khachatryan, V. and others",
      title          = "{Measurement of the $t\bar{t}$ production cross section
                        using events in the e$\mu$ final state in pp collisions at
                        $\sqrt{s} =$ 13 TeV}",
      collaboration  = "CMS",
      journal        = "Eur. Phys. J.",
      volume         = "C77",
      year           = "2017",
      pages          = "172",
      doi            = "10.1140/epjc/s10052-017-4718-8",
      eprint         = "1611.04040",
      archivePrefix  = "arXiv",
      primaryClass   = "hep-ex",
      reportNumber   = "CMS-TOP-16-005, CERN-EP-2016-265",
      SLACcitation   = "%%CITATION = ARXIV:1611.04040;%%"
}
@article{Zanetti:1357856,
      author        = "Zanetti, M.",
      title         = "{Beams Scan based Absolute Normalization of the CMS
                       Luminosity Measurement. CMS 2010 luminosity determination}",
      collaboration = "on behalf of the CMS Luminosity group",
      year          = "2011",
      url           = "https://cds.cern.ch/record/1357856",
}
@article{PhysRevLett.116.082003,
  title = {High-Precision Differential Predictions for Top-Quark Pairs at the LHC},
  author = {Czakon, M. and Heymes, D. and Mitov, A.},
  journal = {Phys. Rev. Lett.},
  volume = {116},
  issue = {8},
  pages = {082003},
  numpages = {5},
  year = {2016},
  month = {Feb},
  publisher = {American Physical Society},
  doi = {10.1103/PhysRevLett.116.082003},
  url = {https://link.aps.org/doi/10.1103/PhysRevLett.116.082003}
}

@Article{Bowler1981,
author="Bowler, M. G.",
title="e+e- Production of heavy quarks in the string model",
journal="Zeitschrift f{\"u}r Physik C Particles and Fields",
year="1981",
month="Jun",
day="01",
volume="11",
number="2",
pages="169--174",
abstract="The string model of Artru and Mennessier predicts that the fragmentation functions for mesons containing heavy quarks are concentrated near fractional momentumz∼1, with width ∼1/$\mu$ where $\mu$ is the mass of the heavy quark.",
issn="1431-5858",
doi="10.1007/BF01574001",
url="https://doi.org/10.1007/BF01574001"
}
@article{PhysRevD.27.105,
  title = {Scaling violations in inclusive ${e}^{+}{e}^{\ensuremath{-}}$ annihilation spectra},
  author = {Peterson, C. and Schlatter, D. and Schmitt, I. and Zerwas, P. M.},
  journal = {Phys. Rev. D},
  volume = {27},
  issue = {1},
  pages = {105--111},
  numpages = {0},
  year = {1983},
  month = {Jan},
  publisher = {American Physical Society},
  doi = {10.1103/PhysRevD.27.105},
  url = {https://link.aps.org/doi/10.1103/PhysRevD.27.105}
}

@techreport{Adam:934067,
      author        = "Adam, W. and Mangano, B. and Speer, T. and
                       Todorov, T.",
      title         = "{Track Reconstruction in the CMS tracker}",
      institution   = "CERN",
      address       = "Geneva",
      number        = "CMS-NOTE-2006-041",
      month         = "Dec",
      year          = "2006",
      reportNumber  = "CMS-NOTE-2006-041",
      url           = "https://cds.cern.ch/record/934067",
}
@techreport{CMS-PAS-JME-14-001,
      title         = "{Pileup Removal Algorithms}",
      author        = "{CMS Collaboration}",      
      institution   = "CERN",
      collaboration = "CMS Collaboration",
      address       = "Geneva",
      number        = "CMS-PAS-JME-14-001",
      year          = "2014",
      reportNumber  = "CMS-PAS-JME-14-001",
      url           = "https://cds.cern.ch/record/1751454",
}
@article{1126-6708-2008-04-005,
  author={M. Cacciari and G. P. Salam and G. Soyez},
  title={The catchment area of jets},
  journal={Journal of High Energy Physics},
  volume={2008},
  number={04},
  pages={005},
  url={http://stacks.iop.org/1126-6708/2008/i=04/a=005},
  year={2008},
}
@article{CACCIARI2008119,
title = "Pileup subtraction using jet areas",
journal = "Physics Letters B",
volume = "659",
number = "1",
pages = "119 - 126",
year = "2008",
issn = "0370-2693",
doi = "https://doi.org/10.1016/j.physletb.2007.09.077",
url = "http://www.sciencedirect.com/science/article/pii/S0370269307011094",
author = "M. Cacciari and G. P. Salam"
}
@article{1748-0221-3-08-S08001,
  author={L. Evans and Philip B.},
  title={LHC Machine},
  journal={Journal of Instrumentation},
  volume={3},
  number={08},
  pages={S08001},
  url={http://stacks.iop.org/1748-0221/3/i=08/a=S08001},
  year={2008},
  abstract={The Large Hadron Collider (LHC) at CERN near Geneva is the world's newest and most powerful tool for Particle Physics research. It is designed to collide proton beams with a centre-of-mass energy of 14 TeV and an unprecedented luminosity of 10 34 cm −2 s −1 . It can also collide heavy (Pb) ions with an energy of 2.8 TeV per nucleon and a peak luminosity of 10 27 cm −2 s −1 . In this paper, the machine design is described.}
}
@unpublished{Collaboration:1433717,
      author        = "{CMS Collaboration}",
      title         = "{Detector Drawings}",
      month         = "Mar",
      year          = "2012",
      reportNumber  = "CMS-PHO-GEN-2012-002",
      url           = "https://cds.cern.ch/record/1433717",
      note          = "CMS Collection.",
}
@article{Chatrchyan:2014wfa,
      author         = "Chatrchyan, S. and others",
      title          = "{Alignment of the CMS tracker with LHC and cosmic ray
                        data}",
      collaboration  = "CMS",
      journal        = "JINST",
      volume         = "9",
      year           = "2014",
      pages          = "P06009",
      doi            = "10.1088/1748-0221/9/06/P06009",
      eprint         = "1403.2286",
      archivePrefix  = "arXiv",
      primaryClass   = "physics.ins-det",
      reportNumber   = "CMS-TRK-11-002, CERN-PH-EP-2014-028",
      SLACcitation   = "%%CITATION = ARXIV:1403.2286;%%"
}
@techreport{Dominguez:1481838,
      author        = "Dominguez, A. and others",
      editor        = "Dominguez, A",
      title         = "{CMS Technical Design Report for the Pixel Detector
                       Upgrade}",
      number        = "CERN-LHCC-2012-016. CMS-TDR-11",
      month         = "Sep",
      year          = "2012",
      reportNumber  = "CERN-LHCC-2012-016",
      url           = "https://cds.cern.ch/record/1481838",
}
@book{Bayatian:922757,
      author        = "Bayatian, G. L. and others",
      title         = "{CMS Physics: Technical Design Report Volume 1: Detector
                       Performance and Software}",
      publisher     = "CERN",
      collaboration = "CMS Collaboration",
      address       = "Geneva",
      series        = "Technical Design Report CMS",
      year          = "2006",
      url           = "https://cds.cern.ch/record/922757",
      note          = "There is an error on cover due to a technical problem for
                       some items",
}
@article{Chatrchyan:2009qm,
      author         = "Chatrchyan, S. and others",
      title          = "{Performance and Operation of the CMS Electromagnetic
                        Calorimeter}",
      collaboration  = "CMS",
      journal        = "JINST",
      volume         = "5",
      year           = "2010",
      pages          = "T03010",
      doi            = "10.1088/1748-0221/5/03/T03010",
      eprint         = "0910.3423",
      archivePrefix  = "arXiv",
      primaryClass   = "physics.ins-det",
      reportNumber   = "CMS-CFT-09-004",
      SLACcitation   = "%%CITATION = ARXIV:0910.3423;%%"
}

@article{2010JInst...5T3014C,
   author = {{CMS Collaboration}},
    title = "{Identification and filtering of uncharacteristic noise in the CMS hadron calorimeter}",
  journal = {Journal of Instrumentation},
archivePrefix = "arXiv",
   eprint = {0911.4881},
 primaryClass = "physics.ins-det",
     year = 2010,
    month = mar,
   volume = 5,
    pages = {T03014},
      doi = {10.1088/1748-0221/5/03/T03014},
   adsurl = {http://adsabs.harvard.edu/abs/2010JInst...5T3014C},
  adsnote = {Provided by the SAO/NASA Astrophysics Data System}
}
@book{Bayatyan:706847,
      author        = "Bayatyan, G. L. and others",
      title         = "{CMS TriDAS project: Technical Design Report, Volume 1:
                       The Trigger Systems}",
      collaboration = "CMS Collaboration",
      series        = "Technical Design Report CMS",
      url           = "https://cds.cern.ch/record/706847",
}
@article{Tapper:2013yva,
      author         = "Tapper, A. and Acosta, D.",
      title          = "{CMS Technical Design Report for the Level-1 Trigger
                        Upgrade}",
      collaboration  = "CMS",
      year           = "2013",
      reportNumber   = "CERN-LHCC-2013-011, CMS-TDR-12, CMS-TDR-012",
      SLACcitation   = "%%CITATION = CERN-LHCC-2013-011;%%"
}
@techreport{Dobbs:684090,
      author        = "Dobbs, M. and Hansen, J. B.",
      title         = "{The HepMC C++ Monte Carlo Event Record for High Energy
                       Physics}",
      institution   = "CERN",
      address       = "Geneva",
      number        = "ATL-SOFT-2000-001",
      month         = "Jun",
      year          = "2000",
      reportNumber  = "ATL-SOFT-2000-001",
      url           = "https://cds.cern.ch/record/684090",
      note          = "revised version number 1 submitted on 2001-02-27 09:54:32",
}
@article{Gleisberg:2008ta,
      author         = "Gleisberg, T. and Hoeche, S. and Krauss, F. and
                        Schonherr, M. and Schumann, S. and Siegert, F. and Winter,
                        J.",
      title          = "{Event generation with SHERPA 1.1}",
      journal        = "JHEP",
      volume         = "02",
      year           = "2009",
      pages          = "007",
      doi            = "10.1088/1126-6708/2009/02/007",
      eprint         = "0811.4622",
      archivePrefix  = "arXiv",
      primaryClass   = "hep-ph",
      reportNumber   = "FERMILAB-PUB-08-477-T, SLAC-PUB-13420, ZU-TH-17-08,
                        DCPT-08-138, IPPP-08-69, EDINBURGH-2008-30, MCNET-08-14",
      SLACcitation   = "%%CITATION = ARXIV:0811.4622;%%"
}
@techreport{CMS-DP-2017-004,
      title         = "{Electron and photon performance in CMS with the full 2016
                       data sample.}",
      author        = "{CMS Collaboration}",
      institution   = "CERN",
      collaboration = "CMS Collaboration",
      month         = "Mar",
      year          = "2017",
      reportNumber  = "CMS-DP-2017-004",
      url           = "https://cds.cern.ch/record/2255497",
}
@techreport{CMS-DP-2017-007,
      title         = "{Muon Identification and Isolation efficiency on full 2016
                       dataset}",
      author        = "{CMS Collaboration}",
      institution   = "CERN",
      collaboration = "CMS Collaboration",
      month         = "Mar",
      year          = "2017",
      reportNumber  = "CMS-DP-2017-007",
      url           = "https://cds.cern.ch/record/2257968",
}
@techreport{CMS-DP-2016-026,
      title         = "{Electron performance using first data collected by CMS in
                       2016}",
      author        = "CMS Collaboration",
      institution   = "CERN",
      month         = "Jun",
      year          = "2016",
      reportNumber  = "CMS-DP-2016-026",
      url           = "https://cds.cern.ch/record/2161024",
}
@techreport{CMS-PAS-JME-16-004,
      title         = "{Performance of missing energy reconstruction in 13 TeV pp
                       collision data using the CMS detector}",
      author        = "CMS Collaboration",
      institution   = "CERN",
      collaboration = "CMS Collaboration",
      address       = "Geneva",
      number        = "CMS-PAS-JME-16-004",
      year          = "2016",
      reportNumber  = "CMS-PAS-JME-16-004",
      url           = "http://cds.cern.ch/record/2205284",
}
@techreport{CMS-DP-2017-012,
      title         = "{Performance of heavy flavour identification algorithms in
                       proton-proton collisions at 13 TeV at the CMS experiment}",
      author        = "CMS Collaboration",
      collaboration = "CMS Collaboration",
      institution   = "CERN",
      month         = "May",
      year          = "2017",
      reportNumber  = "CMS-DP-2017-012",
      url           = "http://cds.cern.ch/record/2263801",
}
@techreport{CMS-DP-2016-020,
      title         = "{Jet energy scale and resolution performances with 13TeV
                       data}",
      author        = "CMS Collaboration",
      institution   = "CERN",
      month         = "Jun",
      year          = "2016",
      reportNumber  = "CMS-DP-2016-020",
      url           = "http://cds.cern.ch/record/2160347",
}
@article{Sjostrand:2006za,
      author         = "Sjostrand, T. and Mrenna, S. and Skands, P.
                        Z.",
      title          = "{PYTHIA 6.4 Physics and Manual}",
      journal        = "JHEP",
      volume         = "05",
      year           = "2006",
      pages          = "026",
      doi            = "10.1088/1126-6708/2006/05/026",
      eprint         = "hep-ph/0603175",
      archivePrefix  = "arXiv",
      primaryClass   = "hep-ph",
      reportNumber   = "FERMILAB-PUB-06-052-CD-T, LU-TP-06-13",
      SLACcitation   = "%%CITATION = HEP-PH/0603175;%%"
}
@techreport{CMS-PAS-LUM-15-001,
      title         = "{CMS luminosity measurement for the 2015 data-taking
                       period}",
      author        = "{CMS Collaboration}",
      institution   = "CERN",
      collaboration = "CMS Collaboration",
      address       = "Geneva",
      number        = "CMS-PAS-LUM-15-001",
      year          = "2017",
      reportNumber  = "CMS-PAS-LUM-15-001",
      url           = "http://cds.cern.ch/record/2138682",
}
@article{GellMann:1961ky,
      author         = "Gell-Mann, M.",
      title          = "{The Eightfold Way: A Theory of strong interaction
                        symmetry}",
      year           = "1961",
      reportNumber   = "CTSL-20, TID-12608",
      SLACcitation   = "%%CITATION = CTSL-20;%%"
}
@article{Weinberg:1967tq,
      author         = "Weinberg, S.",
      title          = "{A Model of Leptons}",
      journal        = "Phys. Rev. Lett.",
      volume         = "19",
      year           = "1967",
      pages          = "1264-1266",
      doi            = "10.1103/PhysRevLett.19.1264",
      SLACcitation   = "%%CITATION = PRLTA,19,1264;%%"
}
@article{PhysRevLett.23.935,
  title = {Observed Behavior of Highly Inelastic Electron-Proton Scattering},
  author = {Breidenbach, M. and Friedman, J. I. and Kendall, H. W. and Bloom, E. D. and Coward, D. H. and DeStaebler, H. and Drees, J. and Mo, L. W. and Taylor, R. E.},
  journal = {Phys. Rev. Lett.},
  volume = {23},
  issue = {16},
  pages = {935--939},
  numpages = {0},
  year = {1969},
  month = {Oct},
  publisher = {American Physical Society},
  doi = {10.1103/PhysRevLett.23.935},
  url = {https://link.aps.org/doi/10.1103/PhysRevLett.23.935}
}
@article{PhysRevLett.23.930,
  title = {High-Energy Inelastic $e\ensuremath{-}p$ Scattering at 6\ifmmode^\circ\else\textdegree\fi{} and 10\ifmmode^\circ\else\textdegree\fi{}},
  author = {Bloom, E. D. and Coward, D. H. and DeStaebler, H. and Drees, J. and Miller, G. and Mo, L. W. and Taylor, R. E. and Breidenbach, M. and Friedman, J. I. and Hartmann, G. C. and Kendall, H. W.},
  journal = {Phys. Rev. Lett.},
  volume = {23},
  issue = {16},
  pages = {930--934},
  numpages = {0},
  year = {1969},
  month = {Oct},
  publisher = {American Physical Society},
  doi = {10.1103/PhysRevLett.23.930},
  url = {https://link.aps.org/doi/10.1103/PhysRevLett.23.930}
}
@article{ARNISON1983103,
title = "Experimental observation of isolated large transverse energy electrons with associated missing energy at s=540 GeV",
author = "G. Arnison and others",
journal = "Physics Letters B",
volume = "122",
number = "1",
pages = "103 - 116",
year = "1983",
issn = "0370-2693",
doi = "https://doi.org/10.1016/0370-2693(83)91177-2",
url = "http://www.sciencedirect.com/science/article/pii/0370269383911772",
}
@article{1983398,
title = "Experimental observation of lepton pairs of invariant mass around 95 GeV/c2 at the CERN SPS collider",
author = "G. Arnison and others",
journal = "Physics Letters B",
volume = "126",
number = "5",
pages = "398 - 410",
year = "1983",
issn = "0370-2693",
doi = "https://doi.org/10.1016/0370-2693(83)90188-0",
url = "http://www.sciencedirect.com/science/article/pii/0370269383901880",
}
@article{BANNER1983476,
author = "M. Banner and others",
title = "Observation of single isolated electrons of high transverse momentum in events with missing transverse energy at the CERN pp collider",
journal = "Physics Letters B",
volume = "122",
number = "5",
pages = "476 - 485",
year = "1983",
issn = "0370-2693",
doi = "https://doi.org/10.1016/0370-2693(83)91605-2",
url = "http://www.sciencedirect.com/science/article/pii/0370269383916052",
}
@article{BAGNAIA1983130,
author = "P. Bagnaia and others",
title = "Evidence for Z0→e+e- at the CERN pp collider",
journal = "Physics Letters B",
volume = "129",
number = "1",
pages = "130 - 140",
year = "1983",
issn = "0370-2693",
doi = "https://doi.org/10.1016/0370-2693(83)90744-X",
url = "http://www.sciencedirect.com/science/article/pii/037026938390744X",
}
@article{HIGGS1964132,
author = "P.W. Higgs",
title = "Broken symmetries, massless particles and gauge fields",
journal = "Physics Letters",
volume = "12",
number = "2",
pages = "132 - 133",
year = "1964",
issn = "0031-9163",
doi = "https://doi.org/10.1016/0031-9163(64)91136-9",
url = "http://www.sciencedirect.com/science/article/pii/0031916364911369",
}
@article{PhysRevLett.13.321,
  title = {Broken Symmetry and the Mass of Gauge Vector Mesons},
  author = {Englert, F. and Brout, R.},
  journal = {Phys. Rev. Lett.},
  volume = {13},
  issue = {9},
  pages = {321--323},
  numpages = {0},
  year = {1964},
  month = {Aug},
  publisher = {American Physical Society},
  doi = {10.1103/PhysRevLett.13.321},
  url = {https://link.aps.org/doi/10.1103/PhysRevLett.13.321}
}
@article{PhysRevLett.13.585,
  title = {Global Conservation Laws and Massless Particles},
  author = {Guralnik, G. S. and Hagen, C. R. and Kibble, T. W. B.},
  journal = {Phys. Rev. Lett.},
  volume = {13},
  issue = {20},
  pages = {585--587},
  numpages = {0},
  year = {1964},
  month = {Nov},
  publisher = {American Physical Society},
  doi = {10.1103/PhysRevLett.13.585},
  url = {https://link.aps.org/doi/10.1103/PhysRevLett.13.585}
}

@article{20121,
title = "Observation of a new particle in the search for the Standard Model Higgs boson with the ATLAS detector at the LHC",
journal = "Physics Letters B",
volume = "716",
number = "1",
pages = "1 - 29",
year = "2012",
issn = "0370-2693",
doi = "https://doi.org/10.1016/j.physletb.2012.08.020",
url = "http://www.sciencedirect.com/science/article/pii/S037026931200857X",
author = "G. Aad and others"
}
@article{201230,
title = "Observation of a new boson at a mass of 125 GeV with the CMS experiment at the LHC",
journal = "Physics Letters B",
volume = "716",
number = "1",
pages = "30 - 61",
year = "2012",
issn = "0370-2693",
doi = "https://doi.org/10.1016/j.physletb.2012.08.021",
url = "http://www.sciencedirect.com/science/article/pii/S0370269312008581",
author = "S. Chatrchyan and others",
keywords = "CMS, Physics, Higgs"
}

@misc{SMPart,
  author= {MissMJ},
  title = {Standard Model of Elementary Particles},
  howpublished = {\url{https://commons.wikimedia.org/wiki/File:Standard_Model_of_Elementary_Particles.svg}},
  note = {Accessed: 2018-04-23}
}

@article{PhysRevLett.74.2626,
  title = {Observation of Top Quark Production in $\overline{\mathit{p}}\mathit{p}$ Collisions with the Collider Detector at Fermilab},
  author = {Abe, F. and others},
  collaboration = {CDF Collaboration},
  journal = {Phys. Rev. Lett.},
  volume = {74},
  issue = {14},
  pages = {2626--2631},
  numpages = {0},
  year = {1995},
  month = {Apr},
  publisher = {American Physical Society},
  doi = {10.1103/PhysRevLett.74.2626},
  url = {https://link.aps.org/doi/10.1103/PhysRevLett.74.2626}
}

@article{PhysRevLett.74.2632,
  title = {Observation of the Top Quark},
  author = {Abachi, S. and others},
  collaboration = {D0 Collaboration},
  journal = {Phys. Rev. Lett.},
  volume = {74},
  issue = {14},
  pages = {2632--2637},
  numpages = {0},
  year = {1995},
  month = {Apr},
  publisher = {American Physical Society},
  doi = {10.1103/PhysRevLett.74.2632},
  url = {https://link.aps.org/doi/10.1103/PhysRevLett.74.2632}
}
@article{PhysRevD.63.035006,
  title = {Finding ${Z}^{\ensuremath{'}}$ bosons coupled preferentially to the third family at CERN LEP and the Fermilab Tevatron},
  author = {Lynch, K. R. and Mrenna, S. and Narain, M. and Simmons, E. H.},
  journal = {Phys. Rev. D},
  volume = {63},
  issue = {3},
  pages = {035006},
  numpages = {14},
  year = {2001},
  month = {Jan},
  publisher = {American Physical Society},
  doi = {10.1103/PhysRevD.63.035006},
  url = {https://link.aps.org/doi/10.1103/PhysRevD.63.035006}
}
@article{ROSNER1996113,
title = "Prominent decay modes of a leptophobic ${Z}^{\ensuremath{'}}$",
journal = "Physics Letters B",
volume = "387",
number = "1",
pages = "113 - 117",
year = "1996",
issn = "0370-2693",
doi = "https://doi.org/10.1016/0370-2693(96)01022-2",
url = "http://www.sciencedirect.com/science/article/pii/0370269396010222",
author = "J. L. Rosner"
}
@article{NILLES19841,
title = "Supersymmetry, supergravity and particle physics",
journal = "Physics Reports",
volume = "110",
number = "1",
pages = "1 - 162",
year = "1984",
issn = "0370-1573",
doi = "https://doi.org/10.1016/0370-1573(84)90008-5",
url = "http://www.sciencedirect.com/science/article/pii/0370157384900085",
author = "H.P. Nilles"
}
@article{FARRAR1978575,
title = "Phenomenology of the production, decay, and detection of new hadronic states associated with supersymmetry",
journal = "Physics Letters B",
volume = "76",
number = "5",
pages = "575 - 579",
year = "1978",
issn = "0370-2693",
doi = "https://doi.org/10.1016/0370-2693(78)90858-4",
url = "http://www.sciencedirect.com/science/article/pii/0370269378908584",
author = "G. R. Farrar and P. Fayet"
}
@article{PhysRevD.91.114010,
  title = {Probing the top-quark chromomagnetic dipole moment at next-to-leading order in QCD},
  author = {Franzosi, D. B. and Zhang, C.},
  journal = {Phys. Rev. D},
  volume = {91},
  issue = {11},
  pages = {114010},
  numpages = {11},
  year = {2015},
  month = {Jun},
  publisher = {American Physical Society},
  doi = {10.1103/PhysRevD.91.114010},
  url = {https://link.aps.org/doi/10.1103/PhysRevD.91.114010}
}
@article{PhysRevD.82.114008,
  title = {New physics in $t\ensuremath{\rightarrow}bW$ decay at next-to-leading order in QCD},
  author = {Drobnak, J. and Fajfer, S. and Kamenik, J. F.},
  journal = {Phys. Rev. D},
  volume = {82},
  issue = {11},
  pages = {114008},
  numpages = {5},
  year = {2010},
  month = {Dec},
  publisher = {American Physical Society},
  doi = {10.1103/PhysRevD.82.114008},
  url = {https://link.aps.org/doi/10.1103/PhysRevD.82.114008}
}
@article{PhysRevD.80.114017,
  title = {Next-to-leading order QCD corrections to the single top quark production via model-independent $tqg$ flavor-changing neutral-current couplings at hadron colliders},
  author = {Gao, J. and Li, C. S. and Zhang, J. J. and Zhu, H. X.},
  journal = {Phys. Rev. D},
  volume = {80},
  issue = {11},
  pages = {114017},
  numpages = {12},
  year = {2009},
  month = {Dec},
  publisher = {American Physical Society},
  doi = {10.1103/PhysRevD.80.114017},
  url = {https://link.aps.org/doi/10.1103/PhysRevD.80.114017}
}
@article{Husemann:2017eka,
      author         = "Husemann, U.",
      title          = "{Top-Quark Physics: Status and Prospects}",
      journal        = "Prog. Part. Nucl. Phys.",
      volume         = "95",
      year           = "2017",
      pages          = "48-97",
      doi            = "10.1016/j.ppnp.2017.03.002",
      eprint         = "1704.01356",
      archivePrefix  = "arXiv",
      primaryClass   = "hep-ex",
      SLACcitation   = "%%CITATION = ARXIV:1704.01356;%%"
}
@article{Cascioli:2013wga,
      author         = "Cascioli, F. and Kallweit, S. and Maierhöfer, P. and
                        Pozzorini, S.",
      title          = "{A unified NLO description of top-pair and associated Wt
                        production}",
      journal        = "Eur. Phys. J.",
      volume         = "C74",
      year           = "2014",
      number         = "3",
      pages          = "2783",
      doi            = "10.1140/epjc/s10052-014-2783-9",
      eprint         = "1312.0546",
      archivePrefix  = "arXiv",
      primaryClass   = "hep-ph",
      reportNumber   = "ZU-TH-28-13, LPN13-108",
      SLACcitation   = "%%CITATION = ARXIV:1312.0546;%%"
}
@article{White:2009yt,
      author         = "White, C. D. and Frixione, S. and Laenen, E.
                        and Maltoni, F.",
      title          = "{Isolating Wt production at the LHC}",
      journal        = "JHEP",
      volume         = "11",
      year           = "2009",
      pages          = "074",
      doi            = "10.1088/1126-6708/2009/11/074",
      eprint         = "0908.0631",
      archivePrefix  = "arXiv",
      primaryClass   = "hep-ph",
      reportNumber   = "NIKHEF-2009-013, CERN-TH-2009-136, ITF-UU-09-31,
                        CP3-09-33",
      SLACcitation   = "%%CITATION = ARXIV:0908.0631;%%"
}
@article{Bigi:1994em,
      author         = "Bigi, I. I. Y. and Shifman, M. A. and Uraltsev,
                        N. G. and Vainshtein, A. I.",
      title          = "{The Pole mass of the heavy quark. Perturbation theory
                        and beyond}",
      journal        = "Phys. Rev.",
      volume         = "D50",
      year           = "1994",
      pages          = "2234-2246",
      doi            = "10.1103/PhysRevD.50.2234",
      eprint         = "hep-ph/9402360",
      archivePrefix  = "arXiv",
      primaryClass   = "hep-ph",
      reportNumber   = "TPI-MINN-94-4-T, UMN-TH-1239-94, CERN-TH-7171-94,
                        UND-HEP-94-BIG03",
      SLACcitation   = "%%CITATION = HEP-PH/9402360;%%"
}
@article{Beneke:1994sw,
      author         = "Beneke, M. and Braun, V. M.",
      title          = "{Heavy quark effective theory beyond perturbation theory:
                        Renormalons, the pole mass and the residual mass term}",
      journal        = "Nucl. Phys.",
      volume         = "B426",
      year           = "1994",
      pages          = "301-343",
      doi            = "10.1016/0550-3213(94)90314-X",
      eprint         = "hep-ph/9402364",
      archivePrefix  = "arXiv",
      primaryClass   = "hep-ph",
      reportNumber   = "MPI-PHT-94-9, UM-TH-94-4",
      SLACcitation   = "%%CITATION = HEP-PH/9402364;%%"
}
@article{Beneke:2016cbu,
      author         = "Beneke, M. and Marquard, P. and Nason, P. and
                        Steinhauser, M.",
      title          = "{On the ultimate uncertainty of the top quark pole mass}",
      journal        = "Phys. Lett.",
      volume         = "B775",
      year           = "2017",
      pages          = "63-70",
      doi            = "10.1016/j.physletb.2017.10.054",
      eprint         = "1605.03609",
      archivePrefix  = "arXiv",
      primaryClass   = "hep-ph",
      reportNumber   = "DESY-16-082, TTP16-016, TUM-HEP-1044-16",
      SLACcitation   = "%%CITATION = ARXIV:1605.03609;%%"
}
@article{Buttazzo:2013uya,
      author         = "Buttazzo, D. and Degrassi, G. and Giardino, P.
                        P. and Giudice, G. F. and Sala, F. and Salvio,
                        A. and Strumia, A.",
      title          = "{Investigating the near-criticality of the Higgs boson}",
      journal        = "JHEP",
      volume         = "12",
      year           = "2013",
      pages          = "089",
      doi            = "10.1007/JHEP12(2013)089",
      eprint         = "1307.3536",
      archivePrefix  = "arXiv",
      primaryClass   = "hep-ph",
      reportNumber   = "CERN-PH-TH-2013-166, FTUAM-13-20, IFT-UAM-CSIC-13-081,
                        IFUP-TH",
      SLACcitation   = "%%CITATION = ARXIV:1307.3536;%%"
}
@article{CarloniCalame:2007cd,
      author         = "Carloni Calame, C. M. and Montagna, G. and Nicrosini, O.
                        and Vicini, A.",
      title          = "{Precision electroweak calculation of the production of a
                        high transverse-momentum lepton pair at hadron colliders}",
      journal        = "JHEP",
      volume         = "10",
      year           = "2007",
      pages          = "109",
      doi            = "10.1088/1126-6708/2007/10/109",
      eprint         = "0710.1722",
      archivePrefix  = "arXiv",
      primaryClass   = "hep-ph",
      reportNumber   = "FNT-T-2007-06, IFUM-903-FT",
      SLACcitation   = "%%CITATION = ARXIV:0710.1722;%%"
}
@article{Gavin:2010az,
      author         = "Gavin, R. and Li, Y. and Petriello, F. and
                        Quackenbush, S.",
      title          = "{FEWZ 2.0: A code for hadronic Z production at
                        next-to-next-to-leading order}",
      journal        = "Comput. Phys. Commun.",
      volume         = "182",
      year           = "2011",
      pages          = "2388-2403",
      doi            = "10.1016/j.cpc.2011.06.008",
      eprint         = "1011.3540",
      archivePrefix  = "arXiv",
      primaryClass   = "hep-ph",
      reportNumber   = "ANL-HEP-PR-10-60",
      SLACcitation   = "%%CITATION = ARXIV:1011.3540;%%"
}
@article{PhysRevD.86.034021,
  title = {Next-to-leading order QCD predictions for $W\mathbf{+}1$ jet and $W\mathbf{+}2$ jet production with at least one $b$ jet at the 7 TeV LHC},
  author = {Campbell, J. M. and Caola, F. and Febres Cordero, F. and Reina, L. and Wackeroth, D.},
  journal = {Phys. Rev. D},
  volume = {86},
  issue = {3},
  pages = {034021},
  numpages = {7},
  year = {2012},
  month = {Aug},
  publisher = {American Physical Society},
  doi = {10.1103/PhysRevD.86.034021},
  url = {https://link.aps.org/doi/10.1103/PhysRevD.86.034021}
}
@article{doi:10.1146/annurev-nucl-102010-130106,
author = {M. S. Neubauer},
title = {Diboson Production at Colliders},
journal = {Annual Review of Nuclear and Particle Science},
volume = {61},
number = {1},
pages = {223-250},
year = {2011},
doi = {10.1146/annurev-nucl-102010-130106},
URL = {https://doi.org/10.1146/annurev-nucl-102010-130106},
eprint = { https://doi.org/10.1146/annurev-nucl-102010-130106},
}
@article{Campbell:1999ah,
      author         = "Campbell, J. M. and Ellis, R. K.",
      title          = "{An Update on vector boson pair production at hadron
                        colliders}",
      journal        = "Phys. Rev.",
      volume         = "D60",
      year           = "1999",
      pages          = "113006",
      doi            = "10.1103/PhysRevD.60.113006",
      eprint         = "hep-ph/9905386",
      archivePrefix  = "arXiv",
      primaryClass   = "hep-ph",
      reportNumber   = "FERMILAB-PUB-99-146-T",
      SLACcitation   = "%%CITATION = HEP-PH/9905386;%%"
}
@article{Campbell:2011bn,
      author         = "Campbell, J. M. and Ellis, R. K. and Williams,
                        C.",
      title          = "{Vector boson pair production at the LHC}",
      journal        = "JHEP",
      volume         = "07",
      year           = "2011",
      pages          = "018",
      doi            = "10.1007/JHEP07(2011)018",
      eprint         = "1105.0020",
      archivePrefix  = "arXiv",
      primaryClass   = "hep-ph",
      reportNumber   = "FERMILAB-PUB-11-182-T",
      SLACcitation   = "%%CITATION = ARXIV:1105.0020;%%"
}
@article{Gehrmann:2014fva,
      author         = "Gehrmann, T. and Grazzini, M. and Kallweit, S. and
                        Maierhöfer, P. and von Manteuffel, A. and Pozzorini, S.
                        and Rathlev, D. and Tancredi, L.",
      title          = "{$W^+W^-$ Production at Hadron Colliders in Next to Next
                        to Leading Order QCD}",
      journal        = "Phys. Rev. Lett.",
      volume         = "113",
      year           = "2014",
      number         = "21",
      pages          = "212001",
      doi            = "10.1103/PhysRevLett.113.212001",
      eprint         = "1408.5243",
      archivePrefix  = "arXiv",
      primaryClass   = "hep-ph",
      reportNumber   = "ZU-TH-29-14, MITP-14-053",
      SLACcitation   = "%%CITATION = ARXIV:1408.5243;%%"
}
@article{1748-0221-9-10-P10009,
  author={The CMS Collaboration},
  title={Description and performance of track and primary-vertex reconstruction with the CMS tracker},
  journal={Journal of Instrumentation},
  volume={9},
  number={10},
  pages={P10009},
  url={http://stacks.iop.org/1748-0221/9/i=10/a=P10009},
  year={2014},
}
@article{Krohn:2013lba,
      author         = "Krohn, David and Schwartz, Matthew D. and Low, Matthew
                        and Wang, Lian-Tao",
      title          = "{Jet Cleansing: Pileup Removal at High Luminosity}",
      journal        = "Phys. Rev.",
      volume         = "D90",
      year           = "2014",
      number         = "6",
      pages          = "065020",
      doi            = "10.1103/PhysRevD.90.065020",
      eprint         = "1309.4777",
      archivePrefix  = "arXiv",
      primaryClass   = "hep-ph",
      SLACcitation   = "%%CITATION = ARXIV:1309.4777;%%"
}

@article{1748-0221-6-11-P11002,
  author={The CMS collaboration},
  title={Determination of jet energy calibration and transverse momentum resolution in CMS},
  journal={Journal of Instrumentation},
  volume={6},
  number={11},
  pages={P11002},
  url={http://stacks.iop.org/1748-0221/6/i=11/a=P11002},
  year={2011},
}
@article{10.2307/2331986,
 ISSN = {00063444},
 URL = {http://www.jstor.org/stable/2331986},
 author = {C. J. Clopper and E. S. Pearson},
 journal = {Biometrika},
 number = {4},
 pages = {404--413},
 publisher = {[Oxford University Press, Biometrika Trust]},
 title = {The Use of Confidence or Fiducial Limits Illustrated in the Case of the Binomial},
 volume = {26},
 year = {1934}
}
@ARTICLE{2010NIMPA.612..388C,
   author = {{Cousins}, R.~D. and {Hymes}, K.~E. and {Tucker}, J.},
    title = "{Frequentist evaluation of intervals estimated for a binomial parameter and for the ratio of Poisson means}",
  journal = {Nuclear Instruments and Methods in Physics Research A},
archivePrefix = "arXiv",
   eprint = {0905.3831},
 primaryClass = "physics.data-an",
     year = 2010,
    month = jan,
   volume = 612,
    pages = {388-398},
      doi = {10.1016/j.nima.2009.10.156},
   adsurl = {http://adsabs.harvard.edu/abs/2010NIMPA.612..388C},
}

@article{Aad:2015mbv,
      author         = "Aad, G. and others",
      title          = "{Measurements of top-quark pair differential
                        cross-sections in the lepton+jets channel in $pp$
                        collisions at $\sqrt{s}=8$ TeV using the ATLAS detector}",
      collaboration  = "ATLAS",
      journal        = "Eur. Phys. J.",
      volume         = "C76",
      year           = "2016",
      number         = "10",
      pages          = "538",
      doi            = "10.1140/epjc/s10052-016-4366-4",
      eprint         = "1511.04716",
      archivePrefix  = "arXiv",
      primaryClass   = "hep-ex",
      reportNumber   = "CERN-PH-EP-2015-239",
      SLACcitation   = "%%CITATION = ARXIV:1511.04716;%%"
}
@article{Re:2010bp,
      author         = "Re, E.",
      title          = "{Single-top Wt-channel production matched with parton
                        showers using the POWHEG method}",
      journal        = "Eur. Phys. J.",
      volume         = "C71",
      year           = "2011",
      pages          = "1547",
      doi            = "10.1140/epjc/s10052-011-1547-z",
      eprint         = "1009.2450",
      archivePrefix  = "arXiv",
      primaryClass   = "hep-ph",
      reportNumber   = "IPPP-10-74, DCPT-10-148",
      SLACcitation   = "%%CITATION = ARXIV:1009.2450;%%"
}
@article{Kardos:2014dua,
      author         = "Kardos, A. and Nason, P. and Oleari, C.",
      title          = "{Three-jet production in POWHEG}",
      journal        = "JHEP",
      volume         = "04",
      year           = "2014",
      pages          = "043",
      doi            = "10.1007/JHEP04(2014)043",
      eprint         = "1402.4001",
      archivePrefix  = "arXiv",
      primaryClass   = "hep-ph",
      SLACcitation   = "%%CITATION = ARXIV:1402.4001;%%"
}
@article{Alioli:2010qp,
      author         = "Alioli, S. and Nason, P. and Oleari, C. and Re,
                        E.",
      title          = "{Vector boson plus one jet production in POWHEG}",
      journal        = "JHEP",
      volume         = "01",
      year           = "2011",
      pages          = "095",
      doi            = "10.1007/JHEP01(2011)095",
      eprint         = "1009.5594",
      archivePrefix  = "arXiv",
      primaryClass   = "hep-ph",
      reportNumber   = "DESY-10-158, SFB-CPP-10-85, IPPP-10-78, DCPT-10-156",
      SLACcitation   = "%%CITATION = ARXIV:1009.5594;%%"
}
@misc{Topsum,
  author= {LHCTOPWG},
  title = {Summary of measurements of the top-pair production cross-section at 13 TeV},
  howpublished = {\url{https://twiki.cern.ch/twiki/bin/view/LHCPhysics/LHCTopWGSummaryPlots}},
  note = {Accessed: 2018-05-11}
}

@Article{Seidel2013,
author="Seidel, K.
and Simon, F.
and Tesa{\v{r}}, M.
and Poss, S.",
title="Top quark mass measurements at and above threshold at CLIC",
journal="The European Physical Journal C",
year="2013",
month="Aug",
day="20",
volume="73",
number="8",
pages="2530",
issn="1434-6052",
doi="10.1140/epjc/s10052-013-2530-7",
url="https://doi.org/10.1140/epjc/s10052-013-2530-7"
}

	
